%% This BibTeX bibliography file was created using BibDesk.
%% https://bibdesk.sourceforge.io/

%% Created for Hao Ye at 2019-06-07 14:30:37 -0400 


%% Saved with string encoding Unicode (UTF-8) 



@article{Deyle_2018,
	Author = {Ethan Deyle and Amy M. Schueller and Hao Ye and Gerald M. Pao and George Sugihara},
	Date-Added = {2018-06-19 20:36:07 +0000},
	Date-Modified = {2018-06-19 20:36:34 +0000},
	Journal = {Fish and Fisheries},
	Title = {Ecosystem-based forecasts of recruitment in two menhaden species},
	Year = {2018},
	Bdsk-File-1 = {YnBsaXN0MDDSAQIDBFxyZWxhdGl2ZVBhdGhZYWxpYXNEYXRhXxAmLi4vRHJvcGJveC9QYXBlcnMvRGV5bGUvRGV5bGVfMjAxOC5wZGZPEQFQAAAAAAFQAAIAAAlTaGlyYXNhZ2kAAAAAAAAAAAAAAAAAAAAAAAAAAAAAQkQAAf////8ORGV5bGVfMjAxOC5wZGYAAAAAAAAAAAAAAAAAAAAAAAAAAAAAAAAAAAAAAAAAAAAAAAAAAAAAAAAAAAAAAAAA/////wAAAAAAAAAAAAAAAAABAAQAAAogY3UAAAAAAAAAAAAAAAAABURleWxlAAACAC8vOlVzZXJzOmh5ZTpEcm9wYm94OlBhcGVyczpEZXlsZTpEZXlsZV8yMDE4LnBkZgAADgAeAA4ARABlAHkAbABlAF8AMgAwADEAOAAuAHAAZABmAA8AFAAJAFMAaABpAHIAYQBzAGEAZwBpABIALVVzZXJzL2h5ZS9Ecm9wYm94L1BhcGVycy9EZXlsZS9EZXlsZV8yMDE4LnBkZgAAEwABLwAAFQACAAr//wAAAAgADQAaACQATQAAAAAAAAIBAAAAAAAAAAUAAAAAAAAAAAAAAAAAAAGh}}

@misc{Ye_2018,
	Author = {Ye, Hao and Clark, Adam and Deyle, Ethan and Munch, Steve and Keyes, Oliver and Cai, Jun and White, Ethan and Cowles, Jane and Stagge, James and Daon, Yair and Edwards, Andrew and Sugihara, George},
	Date-Added = {2018-10-02 00:49:54 -0400},
	Date-Modified = {2019-03-11 11:22:56 -0400},
	Doi = {10.5281/zenodo.1935847},
	Title = {{rEDM: Applications of Empirical Dynamic Modeling from Time Series}},
	Year = 2018,
	Bdsk-Url-1 = {https://doi.org/10.5281/zenodo.1294063}}

@article{Chang_2017,
	Author = {Chang, Chun-Wei and Ushio, Masayuki and Hsieh, Chih-hao},
	Date-Added = {2019-02-09 15:30:49 -0500},
	Date-Modified = {2019-02-09 15:30:54 -0500},
	Doi = {10.1007/s11284-017-1469-9},
	Issn = {1440-1703},
	Journal = {Ecological Research},
	Number = {6},
	Pages = {785--796},
	Publisher = {Wiley},
	Title = {Empirical dynamic modeling for beginners},
	Url = {http://dx.doi.org/10.1007/s11284-017-1469-9},
	Volume = {32},
	Year = {2017},
	Bdsk-File-1 = {YnBsaXN0MDDSAQIDBFxyZWxhdGl2ZVBhdGhZYWxpYXNEYXRhXxAmLi4vRHJvcGJveC9QYXBlcnMvQ2hhbmcvQ2hhbmdfMjAxNy5wZGZPEQFQAAAAAAFQAAIAAAlTaGlyYXNhZ2kAAAAAAAAAAAAAAAAAAAAAAAAAAAAAQkQAAf////8OQ2hhbmdfMjAxNy5wZGYAAAAAAAAAAAAAAAAAAAAAAAAAAAAAAAAAAAAAAAAAAAAAAAAAAAAAAAAAAAAAAAAA/////wAAAAAAAAAAAAAAAAABAAQAAAogY3UAAAAAAAAAAAAAAAAABUNoYW5nAAACAC8vOlVzZXJzOmh5ZTpEcm9wYm94OlBhcGVyczpDaGFuZzpDaGFuZ18yMDE3LnBkZgAADgAeAA4AQwBoAGEAbgBnAF8AMgAwADEANwAuAHAAZABmAA8AFAAJAFMAaABpAHIAYQBzAGEAZwBpABIALVVzZXJzL2h5ZS9Ecm9wYm94L1BhcGVycy9DaGFuZy9DaGFuZ18yMDE3LnBkZgAAEwABLwAAFQACAAr//wAAAAgADQAaACQATQAAAAAAAAIBAAAAAAAAAAUAAAAAAAAAAAAAAAAAAAGh}}

@article{McGowan_2017,
	Author = {John A. McGowan and Ethan R. Deyle and Hao Ye and Melissa L. Carter and Charles T. Perretti and Kerri D. Seger and Alain de Verniel and George Sugihara},
	Date-Added = {2017-05-05 21:32:04 +0000},
	Date-Modified = {2017-05-05 21:32:58 +0000},
	Journal = {Ecology},
	Number = {5},
	Pages = {1419-1433},
	Title = {Predicting coastal algal blooms in southern California},
	Volume = {98},
	Year = {2017},
	Bdsk-File-1 = {YnBsaXN0MDDSAQIDBFxyZWxhdGl2ZVBhdGhZYWxpYXNEYXRhXxAqLi4vRHJvcGJveC9QYXBlcnMvTWNHb3dhbi9NY0dvd2FuXzIwMTcucGRmTxEBXgAAAAABXgACAAAJU2hpcmFzYWdpAAAAAAAAAAAAAAAAAAAAAAAAAAAAAEJEAAH/////EE1jR293YW5fMjAxNy5wZGYAAAAAAAAAAAAAAAAAAAAAAAAAAAAAAAAAAAAAAAAAAAAAAAAAAAAAAAAAAAAAAP////8AAAAAAAAAAAAAAAAAAQAEAAAKIGN1AAAAAAAAAAAAAAAAAAdNY0dvd2FuAAACADMvOlVzZXJzOmh5ZTpEcm9wYm94OlBhcGVyczpNY0dvd2FuOk1jR293YW5fMjAxNy5wZGYAAA4AIgAQAE0AYwBHAG8AdwBhAG4AXwAyADAAMQA3AC4AcABkAGYADwAUAAkAUwBoAGkAcgBhAHMAYQBnAGkAEgAxVXNlcnMvaHllL0Ryb3Bib3gvUGFwZXJzL01jR293YW4vTWNHb3dhbl8yMDE3LnBkZgAAEwABLwAAFQACAAr//wAAAAgADQAaACQAUQAAAAAAAAIBAAAAAAAAAAUAAAAAAAAAAAAAAAAAAAGz},
	Bdsk-File-2 = {YnBsaXN0MDDSAQIDBFxyZWxhdGl2ZVBhdGhZYWxpYXNEYXRhXxArLi4vRHJvcGJveC9QYXBlcnMvTWNHb3dhbi9NY0dvd2FuXzIwMTcuZG9jeE8RAWAAAAAAAWAAAgAACVNoaXJhc2FnaQAAAAAAAAAAAAAAAAAAAAAAAAAAAABCRAAB/////xFNY0dvd2FuXzIwMTcuZG9jeAAAAAAAAAAAAAAAAAAAAAAAAAAAAAAAAAAAAAAAAAAAAAAAAAAAAAAAAAAAAAD/////AAAAAAAAAAAAAAAAAAEABAAACiBjdQAAAAAAAAAAAAAAAAAHTWNHb3dhbgAAAgA0LzpVc2VyczpoeWU6RHJvcGJveDpQYXBlcnM6TWNHb3dhbjpNY0dvd2FuXzIwMTcuZG9jeAAOACQAEQBNAGMARwBvAHcAYQBuAF8AMgAwADEANwAuAGQAbwBjAHgADwAUAAkAUwBoAGkAcgBhAHMAYQBnAGkAEgAyVXNlcnMvaHllL0Ryb3Bib3gvUGFwZXJzL01jR293YW4vTWNHb3dhbl8yMDE3LmRvY3gAEwABLwAAFQACAAr//wAAAAgADQAaACQAUgAAAAAAAAIBAAAAAAAAAAUAAAAAAAAAAAAAAAAAAAG2}}

@article{Deyle_2016,
	Author = {Ethan R. Deyle and Robert M. May and Stephan B. Munch and George Sugihara},
	Date-Added = {2016-01-14 18:51:23 +0000},
	Date-Modified = {2017-01-18 01:18:32 +0000},
	Journal = {Proceedings of the Royal Society of London B},
	Title = {Tracking and forecasting ecosystem interactions in real time},
	Volume = {283},
	Year = {2016},
	Bdsk-File-1 = {YnBsaXN0MDDSAQIDBFxyZWxhdGl2ZVBhdGhZYWxpYXNEYXRhXxAmLi4vRHJvcGJveC9QYXBlcnMvRGV5bGUvRGV5bGVfMjAxNi5wZGZPEQFQAAAAAAFQAAIAAAlTaGlyYXNhZ2kAAAAAAAAAAAAAAAAAAAAAAAAAAAAAQkQAAf////8ORGV5bGVfMjAxNi5wZGYAAAAAAAAAAAAAAAAAAAAAAAAAAAAAAAAAAAAAAAAAAAAAAAAAAAAAAAAAAAAAAAAA/////wAAAAAAAAAAAAAAAAABAAQAAAogY3UAAAAAAAAAAAAAAAAABURleWxlAAACAC8vOlVzZXJzOmh5ZTpEcm9wYm94OlBhcGVyczpEZXlsZTpEZXlsZV8yMDE2LnBkZgAADgAeAA4ARABlAHkAbABlAF8AMgAwADEANgAuAHAAZABmAA8AFAAJAFMAaABpAHIAYQBzAGEAZwBpABIALVVzZXJzL2h5ZS9Ecm9wYm94L1BhcGVycy9EZXlsZS9EZXlsZV8yMDE2LnBkZgAAEwABLwAAFQACAAr//wAAAAgADQAaACQATQAAAAAAAAIBAAAAAAAAAAUAAAAAAAAAAAAAAAAAAAGh},
	Bdsk-File-2 = {YnBsaXN0MDDSAQIDBFxyZWxhdGl2ZVBhdGhZYWxpYXNEYXRhXxAnLi4vRHJvcGJveC9QYXBlcnMvRGV5bGUvRGV5bGVfMjAxNmEucGRmTxEBUgAAAAABUgACAAAJU2hpcmFzYWdpAAAAAAAAAAAAAAAAAAAAAAAAAAAAAEJEAAH/////D0RleWxlXzIwMTZhLnBkZgAAAAAAAAAAAAAAAAAAAAAAAAAAAAAAAAAAAAAAAAAAAAAAAAAAAAAAAAAAAAAAAP////8AAAAAAAAAAAAAAAAAAQAEAAAKIGN1AAAAAAAAAAAAAAAAAAVEZXlsZQAAAgAwLzpVc2VyczpoeWU6RHJvcGJveDpQYXBlcnM6RGV5bGU6RGV5bGVfMjAxNmEucGRmAA4AIAAPAEQAZQB5AGwAZQBfADIAMAAxADYAYQAuAHAAZABmAA8AFAAJAFMAaABpAHIAYQBzAGEAZwBpABIALlVzZXJzL2h5ZS9Ecm9wYm94L1BhcGVycy9EZXlsZS9EZXlsZV8yMDE2YS5wZGYAEwABLwAAFQACAAr//wAAAAgADQAaACQATgAAAAAAAAIBAAAAAAAAAAUAAAAAAAAAAAAAAAAAAAGk}}

@article{Ye_2015a,
	Author = {Ye, Hao and Deyle, Ethan R. and Gilarranz, Luis J. and Sugihara, George},
	Date-Added = {2015-10-07 00:36:16 +0000},
	Date-Modified = {2018-06-01 22:29:47 +0000},
	Journal = {Scientific Reports},
	Pages = {14750},
	Title = {Distinguishing time-delayed causal interactions using convergent cross mapping},
	Volume = {5},
	Year = {2015},
	Bdsk-File-1 = {YnBsaXN0MDDSAQIDBFxyZWxhdGl2ZVBhdGhZYWxpYXNEYXRhXxAhLi4vRHJvcGJveC9QYXBlcnMvWWUvWWVfMjAxNWEucGRmTxEBPAAAAAABPAACAAAJU2hpcmFzYWdpAAAAAAAAAAAAAAAAAAAAAAAAAAAAAEJEAAH/////DFllXzIwMTVhLnBkZgAAAAAAAAAAAAAAAAAAAAAAAAAAAAAAAAAAAAAAAAAAAAAAAAAAAAAAAAAAAAAAAAAAAP////8AAAAAAAAAAAAAAAAAAQAEAAAKIGN1AAAAAAAAAAAAAAAAAAJZZQACACovOlVzZXJzOmh5ZTpEcm9wYm94OlBhcGVyczpZZTpZZV8yMDE1YS5wZGYADgAaAAwAWQBlAF8AMgAwADEANQBhAC4AcABkAGYADwAUAAkAUwBoAGkAcgBhAHMAYQBnAGkAEgAoVXNlcnMvaHllL0Ryb3Bib3gvUGFwZXJzL1llL1llXzIwMTVhLnBkZgATAAEvAAAVAAIACv//AAAACAANABoAJABIAAAAAAAAAgEAAAAAAAAABQAAAAAAAAAAAAAAAAAAAYg=},
	Bdsk-Url-1 = {http://dx.doi.org/10.1038/srep14750}}

@article{Ye_2015,
	Author = {Hao Ye and Richard J. Beamish and Sarah M. Glaser and Sue C.H. Grant and Chih-hao Hsieh and Laura J. Richards and Jon T. Schnute and George Sugihara},
	Date-Added = {2015-02-04 19:38:56 +0000},
	Date-Modified = {2017-11-27 15:05:29 +0000},
	Journal = {Proceedings of the National Academy of Sciences},
	Pages = {E1569-1576},
	Title = {Equation-free mechanistic ecosystem forecasting using empirical dynamic modeling},
	Volume = {112},
	Year = {2015},
	Bdsk-File-1 = {YnBsaXN0MDDSAQIDBFxyZWxhdGl2ZVBhdGhZYWxpYXNEYXRhXxAgLi4vRHJvcGJveC9QYXBlcnMvWWUvWWVfMjAxNS5wZGZPEQE6AAAAAAE6AAIAAAlTaGlyYXNhZ2kAAAAAAAAAAAAAAAAAAAAAAAAAAAAAQkQAAf////8LWWVfMjAxNS5wZGYAAAAAAAAAAAAAAAAAAAAAAAAAAAAAAAAAAAAAAAAAAAAAAAAAAAAAAAAAAAAAAAAAAAAA/////wAAAAAAAAAAAAAAAAABAAQAAAogY3UAAAAAAAAAAAAAAAAAAlllAAIAKS86VXNlcnM6aHllOkRyb3Bib3g6UGFwZXJzOlllOlllXzIwMTUucGRmAAAOABgACwBZAGUAXwAyADAAMQA1AC4AcABkAGYADwAUAAkAUwBoAGkAcgBhAHMAYQBnAGkAEgAnVXNlcnMvaHllL0Ryb3Bib3gvUGFwZXJzL1llL1llXzIwMTUucGRmAAATAAEvAAAVAAIACv//AAAACAANABoAJABHAAAAAAAAAgEAAAAAAAAABQAAAAAAAAAAAAAAAAAAAYU=},
	Bdsk-File-2 = {YnBsaXN0MDDSAQIDBFxyZWxhdGl2ZVBhdGhZYWxpYXNEYXRhXxAhLi4vRHJvcGJveC9QYXBlcnMvWWUvWWVfMjAxNWQucGRmTxEBPAAAAAABPAACAAAJU2hpcmFzYWdpAAAAAAAAAAAAAAAAAAAAAAAAAAAAAEJEAAH/////DFllXzIwMTVkLnBkZgAAAAAAAAAAAAAAAAAAAAAAAAAAAAAAAAAAAAAAAAAAAAAAAAAAAAAAAAAAAAAAAAAAAP////8AAAAAAAAAAAAAAAAAAQAEAAAKIGN1AAAAAAAAAAAAAAAAAAJZZQACACovOlVzZXJzOmh5ZTpEcm9wYm94OlBhcGVyczpZZTpZZV8yMDE1ZC5wZGYADgAaAAwAWQBlAF8AMgAwADEANQBkAC4AcABkAGYADwAUAAkAUwBoAGkAcgBhAHMAYQBnAGkAEgAoVXNlcnMvaHllL0Ryb3Bib3gvUGFwZXJzL1llL1llXzIwMTVkLnBkZgATAAEvAAAVAAIACv//AAAACAANABoAJABIAAAAAAAAAgEAAAAAAAAABQAAAAAAAAAAAAAAAAAAAYg=}}

@article{Deyle_2013,
	Abstract = {For many marine species and habitats, climate change and overfishing present a double threat. To manage marine resources effectively, it is necessary to adapt management to changes in the physical environment. Simple relationships between environmental conditions and fish abundance have long been used in both fisheries and fishery management. In many cases, however, physical, biological, and human variables feed back on each other. For these systems, associations between variables can change as the system evolves in time. This can obscure relationships between population dynamics and environmental variability, undermining our ability to forecast changes in populations tied to physical processes. Here we present a methodology for identifying physical forcing variables based on nonlinear forecasting and show how the method provides a predictive understanding of the influence of physical forcing on Pacific sardine.},
	Author = {Deyle, Ethan R and Fogarty, Michael and Hsieh, Chih-Hao and Kaufman, Les and MacCall, Alec D and Munch, Stephan B and Perretti, Charles T and Ye, Hao and Sugihara, George},
	Date-Added = {2013-04-22 22:08:52 +0000},
	Date-Modified = {2017-10-12 19:55:14 +0000},
	Journal = {Proceedings of the National Academy of Sciences},
	Journal-Full = {Proceedings of the National Academy of Sciences of the United States of America},
	Number = {16},
	Pages = {6430-6435},
	Pmid = {23536299},
	Pst = {ppublish},
	Title = {Predicting climate effects on {Pacific} sardine},
	Volume = {110},
	Year = {2013},
	Bdsk-File-1 = {YnBsaXN0MDDSAQIDBFxyZWxhdGl2ZVBhdGhZYWxpYXNEYXRhXxAmLi4vRHJvcGJveC9QYXBlcnMvRGV5bGUvRGV5bGVfMjAxMy5wZGZPEQFQAAAAAAFQAAIAAAlTaGlyYXNhZ2kAAAAAAAAAAAAAAAAAAAAAAAAAAAAAQkQAAf////8ORGV5bGVfMjAxMy5wZGYAAAAAAAAAAAAAAAAAAAAAAAAAAAAAAAAAAAAAAAAAAAAAAAAAAAAAAAAAAAAAAAAA/////wAAAAAAAAAAAAAAAAABAAQAAAogY3UAAAAAAAAAAAAAAAAABURleWxlAAACAC8vOlVzZXJzOmh5ZTpEcm9wYm94OlBhcGVyczpEZXlsZTpEZXlsZV8yMDEzLnBkZgAADgAeAA4ARABlAHkAbABlAF8AMgAwADEAMwAuAHAAZABmAA8AFAAJAFMAaABpAHIAYQBzAGEAZwBpABIALVVzZXJzL2h5ZS9Ecm9wYm94L1BhcGVycy9EZXlsZS9EZXlsZV8yMDEzLnBkZgAAEwABLwAAFQACAAr//wAAAAgADQAaACQATQAAAAAAAAIBAAAAAAAAAAUAAAAAAAAAAAAAAAAAAAGh},
	Bdsk-Url-1 = {http://dx.doi.org/10.1073/pnas.1215506110}}

@article{Sugihara_2012,
	Author = {George Sugihara and Robert May and Hao Ye and Chih-Hao Hsieh and Ethan Deyle and Michael Fogarty and Stephan Munch},
	Date-Added = {2012-09-18 22:17:49 +0000},
	Date-Modified = {2012-10-30 22:02:07 +0000},
	Journal = {Science},
	Pages = {496-500},
	Title = {Detecting causality in complex ecosystems},
	Volume = {338},
	Year = {2012},
	Bdsk-File-1 = {YnBsaXN0MDDSAQIDBFxyZWxhdGl2ZVBhdGhZYWxpYXNEYXRhXxAsLi4vRHJvcGJveC9QYXBlcnMvU3VnaWhhcmEvU3VnaWhhcmFfMjAxMi5wZGZPEQFkAAAAAAFkAAIAAAlTaGlyYXNhZ2kAAAAAAAAAAAAAAAAAAAAAAAAAAAAAQkQAAf////8RU3VnaWhhcmFfMjAxMi5wZGYAAAAAAAAAAAAAAAAAAAAAAAAAAAAAAAAAAAAAAAAAAAAAAAAAAAAAAAAAAAAA/////wAAAAAAAAAAAAAAAAABAAQAAAogY3UAAAAAAAAAAAAAAAAACFN1Z2loYXJhAAIANS86VXNlcnM6aHllOkRyb3Bib3g6UGFwZXJzOlN1Z2loYXJhOlN1Z2loYXJhXzIwMTIucGRmAAAOACQAEQBTAHUAZwBpAGgAYQByAGEAXwAyADAAMQAyAC4AcABkAGYADwAUAAkAUwBoAGkAcgBhAHMAYQBnAGkAEgAzVXNlcnMvaHllL0Ryb3Bib3gvUGFwZXJzL1N1Z2loYXJhL1N1Z2loYXJhXzIwMTIucGRmAAATAAEvAAAVAAIACv//AAAACAANABoAJABTAAAAAAAAAgEAAAAAAAAABQAAAAAAAAAAAAAAAAAAAbs=},
	Bdsk-File-2 = {YnBsaXN0MDDSAQIDBFxyZWxhdGl2ZVBhdGhZYWxpYXNEYXRhXxAtLi4vRHJvcGJveC9QYXBlcnMvU3VnaWhhcmEvU3VnaWhhcmFfMjAxMmEucGRmTxEBZgAAAAABZgACAAAJU2hpcmFzYWdpAAAAAAAAAAAAAAAAAAAAAAAAAAAAAEJEAAH/////ElN1Z2loYXJhXzIwMTJhLnBkZgAAAAAAAAAAAAAAAAAAAAAAAAAAAAAAAAAAAAAAAAAAAAAAAAAAAAAAAAAAAP////8AAAAAAAAAAAAAAAAAAQAEAAAKIGN1AAAAAAAAAAAAAAAAAAhTdWdpaGFyYQACADYvOlVzZXJzOmh5ZTpEcm9wYm94OlBhcGVyczpTdWdpaGFyYTpTdWdpaGFyYV8yMDEyYS5wZGYADgAmABIAUwB1AGcAaQBoAGEAcgBhAF8AMgAwADEAMgBhAC4AcABkAGYADwAUAAkAUwBoAGkAcgBhAHMAYQBnAGkAEgA0VXNlcnMvaHllL0Ryb3Bib3gvUGFwZXJzL1N1Z2loYXJhL1N1Z2loYXJhXzIwMTJhLnBkZgATAAEvAAAVAAIACv//AAAACAANABoAJABUAAAAAAAAAgEAAAAAAAAABQAAAAAAAAAAAAAAAAAAAb4=}}

@article{Deyle_2011,
	Author = {Ethan R Deyle and George Sugihara},
	Date-Added = {2011-03-21 16:14:09 -0700},
	Date-Modified = {2012-07-20 20:51:39 +0000},
	Journal = {PLoS ONE},
	Pages = {e18295},
	Title = {Generalized theorems for nonlinear state space reconstruction},
	Volume = {6},
	Year = {2011},
	Bdsk-File-1 = {YnBsaXN0MDDSAQIDBFxyZWxhdGl2ZVBhdGhZYWxpYXNEYXRhXxAmLi4vRHJvcGJveC9QYXBlcnMvRGV5bGUvRGV5bGVfMjAxMS5wZGZPEQFQAAAAAAFQAAIAAAlTaGlyYXNhZ2kAAAAAAAAAAAAAAAAAAAAAAAAAAAAAQkQAAf////8ORGV5bGVfMjAxMS5wZGYAAAAAAAAAAAAAAAAAAAAAAAAAAAAAAAAAAAAAAAAAAAAAAAAAAAAAAAAAAAAAAAAA/////wAAAAAAAAAAAAAAAAABAAQAAAogY3UAAAAAAAAAAAAAAAAABURleWxlAAACAC8vOlVzZXJzOmh5ZTpEcm9wYm94OlBhcGVyczpEZXlsZTpEZXlsZV8yMDExLnBkZgAADgAeAA4ARABlAHkAbABlAF8AMgAwADEAMQAuAHAAZABmAA8AFAAJAFMAaABpAHIAYQBzAGEAZwBpABIALVVzZXJzL2h5ZS9Ecm9wYm94L1BhcGVycy9EZXlsZS9EZXlsZV8yMDExLnBkZgAAEwABLwAAFQACAAr//wAAAAgADQAaACQATQAAAAAAAAIBAAAAAAAAAAUAAAAAAAAAAAAAAAAAAAGh}}

@article{Dixon_1999,
	Abstract = {The lack of a clear relationship between spawning output and recruitment success continues to confound attempts to understand and manage temporally variable fish populations.  This relationship for a common reef fish is shown to be obscured by nonlinear processes in operation during the larval phase.  Non-linear responses of larval fish to their noisy physical environment may offer a general explanation for the erratic, often episodic, replenishment of open marine populations.},
	Author = {Paul A Dixon and Maria Milicich and George Sugihara},
	Date-Added = {2011-03-02 14:32:01 -0800},
	Date-Modified = {2012-07-20 20:51:40 +0000},
	Journal = {Science},
	Local-Url = {file://localhost/Users/hye/Documents/Papers/Dixon/Dixon_1999_Science.pdf},
	Pages = {1528-1530},
	Rating = {0},
	Title = {Episodic fluctuations in larval supply},
	Volume = {283},
	Year = {1999},
	Bdsk-File-1 = {YnBsaXN0MDDSAQIDBFxyZWxhdGl2ZVBhdGhZYWxpYXNEYXRhXxAmLi4vRHJvcGJveC9QYXBlcnMvRGl4b24vRGl4b25fMTk5OS5wZGZPEQFQAAAAAAFQAAIAAAlTaGlyYXNhZ2kAAAAAAAAAAAAAAAAAAAAAAAAAAAAAQkQAAf////8ORGl4b25fMTk5OS5wZGYAAAAAAAAAAAAAAAAAAAAAAAAAAAAAAAAAAAAAAAAAAAAAAAAAAAAAAAAAAAAAAAAA/////wAAAAAAAAAAAAAAAAABAAQAAAogY3UAAAAAAAAAAAAAAAAABURpeG9uAAACAC8vOlVzZXJzOmh5ZTpEcm9wYm94OlBhcGVyczpEaXhvbjpEaXhvbl8xOTk5LnBkZgAADgAeAA4ARABpAHgAbwBuAF8AMQA5ADkAOQAuAHAAZABmAA8AFAAJAFMAaABpAHIAYQBzAGEAZwBpABIALVVzZXJzL2h5ZS9Ecm9wYm94L1BhcGVycy9EaXhvbi9EaXhvbl8xOTk5LnBkZgAAEwABLwAAFQACAAr//wAAAAgADQAaACQATQAAAAAAAAIBAAAAAAAAAAUAAAAAAAAAAAAAAAAAAAGh}}

@article{Rulkov_1995,
	Author = {Nikolai F. Rulkov and Mikhail M. Sushchik and Lev S. Tsimring and Henry D. I. Abarbanel},
	Date-Added = {2015-01-28 00:04:12 +0000},
	Date-Modified = {2015-03-30 18:55:45 +0000},
	Journal = {Physical Review E},
	Number = {980-994},
	Title = {Generalized synchronization of chaos in directionally coupled chaotic systems},
	Volume = {51},
	Year = {1995},
	Bdsk-File-1 = {YnBsaXN0MDDSAQIDBFxyZWxhdGl2ZVBhdGhZYWxpYXNEYXRhXxAoLi4vRHJvcGJveC9QYXBlcnMvUnVsa292L1J1bGtvdl8xOTk1LnBkZk8RAVYAAAAAAVYAAgAACVNoaXJhc2FnaQAAAAAAAAAAAAAAAAAAAAAAAAAAAABCRAAB/////w9SdWxrb3ZfMTk5NS5wZGYAAAAAAAAAAAAAAAAAAAAAAAAAAAAAAAAAAAAAAAAAAAAAAAAAAAAAAAAAAAAAAAD/////AAAAAAAAAAAAAAAAAAEABAAACiBjdQAAAAAAAAAAAAAAAAAGUnVsa292AAIAMS86VXNlcnM6aHllOkRyb3Bib3g6UGFwZXJzOlJ1bGtvdjpSdWxrb3ZfMTk5NS5wZGYAAA4AIAAPAFIAdQBsAGsAbwB2AF8AMQA5ADkANQAuAHAAZABmAA8AFAAJAFMAaABpAHIAYQBzAGEAZwBpABIAL1VzZXJzL2h5ZS9Ecm9wYm94L1BhcGVycy9SdWxrb3YvUnVsa292XzE5OTUucGRmAAATAAEvAAAVAAIACv//AAAACAANABoAJABPAAAAAAAAAgEAAAAAAAAABQAAAAAAAAAAAAAAAAAAAak=}}

@article{Cheng_1994,
	Author = {B. Cheng and H. Tong},
	Date-Added = {2017-11-13 19:04:51 +0000},
	Date-Modified = {2017-11-13 19:05:41 +0000},
	Journal = {Philosophical Transactions of the Royal Society A},
	Pages = {325-341},
	Title = {Orthogonal projection, embedding dimension and sample size in chaotic time series from a statistical perspective},
	Volume = {348},
	Year = {1994},
	Bdsk-File-1 = {YnBsaXN0MDDSAQIDBFxyZWxhdGl2ZVBhdGhZYWxpYXNEYXRhXxAmLi4vRHJvcGJveC9QYXBlcnMvQ2hlbmcvQ2hlbmdfMTk5NC5wZGZPEQFQAAAAAAFQAAIAAAlTaGlyYXNhZ2kAAAAAAAAAAAAAAAAAAAAAAAAAAAAAQkQAAf////8OQ2hlbmdfMTk5NC5wZGYAAAAAAAAAAAAAAAAAAAAAAAAAAAAAAAAAAAAAAAAAAAAAAAAAAAAAAAAAAAAAAAAA/////wAAAAAAAAAAAAAAAAABAAQAAAogY3UAAAAAAAAAAAAAAAAABUNoZW5nAAACAC8vOlVzZXJzOmh5ZTpEcm9wYm94OlBhcGVyczpDaGVuZzpDaGVuZ18xOTk0LnBkZgAADgAeAA4AQwBoAGUAbgBnAF8AMQA5ADkANAAuAHAAZABmAA8AFAAJAFMAaABpAHIAYQBzAGEAZwBpABIALVVzZXJzL2h5ZS9Ecm9wYm94L1BhcGVycy9DaGVuZy9DaGVuZ18xOTk0LnBkZgAAEwABLwAAFQACAAr//wAAAAgADQAaACQATQAAAAAAAAIBAAAAAAAAAAUAAAAAAAAAAAAAAAAAAAGh}}

@article{Sugihara_1994,
	Author = {G Sugihara},
	Date-Added = {2011-03-02 14:32:01 -0800},
	Date-Modified = {2015-08-08 01:54:48 +0000},
	Journal = {Philosophical Transactions: Physical Sciences and Engineering},
	Local-Url = {file://localhost/Users/hye/Documents/Papers/Sugihara/Sugihara_1994_Philosophical%20Transactions%20Physical%20Sciences%20and%20Engineering.pdf},
	Number = {1688},
	Pages = {477--495},
	Rating = {0},
	Title = {Nonlinear forecasting for the classification of natural time series},
	Volume = {348},
	Year = {1994},
	Bdsk-File-1 = {YnBsaXN0MDDSAQIDBFxyZWxhdGl2ZVBhdGhZYWxpYXNEYXRhXxAsLi4vRHJvcGJveC9QYXBlcnMvU3VnaWhhcmEvU3VnaWhhcmFfMTk5NC5wZGZPEQFkAAAAAAFkAAIAAAlTaGlyYXNhZ2kAAAAAAAAAAAAAAAAAAAAAAAAAAAAAQkQAAf////8RU3VnaWhhcmFfMTk5NC5wZGYAAAAAAAAAAAAAAAAAAAAAAAAAAAAAAAAAAAAAAAAAAAAAAAAAAAAAAAAAAAAA/////wAAAAAAAAAAAAAAAAABAAQAAAogY3UAAAAAAAAAAAAAAAAACFN1Z2loYXJhAAIANS86VXNlcnM6aHllOkRyb3Bib3g6UGFwZXJzOlN1Z2loYXJhOlN1Z2loYXJhXzE5OTQucGRmAAAOACQAEQBTAHUAZwBpAGgAYQByAGEAXwAxADkAOQA0AC4AcABkAGYADwAUAAkAUwBoAGkAcgBhAHMAYQBnAGkAEgAzVXNlcnMvaHllL0Ryb3Bib3gvUGFwZXJzL1N1Z2loYXJhL1N1Z2loYXJhXzE5OTQucGRmAAATAAEvAAAVAAIACv//AAAACAANABoAJABTAAAAAAAAAgEAAAAAAAAABQAAAAAAAAAAAAAAAAAAAbs=}}

@article{Casdagli_1991,
	Author = {M Casdagli and S Eubank and JD Farmer and J Gibson},
	Date-Added = {2011-03-02 14:32:01 -0800},
	Date-Modified = {2013-10-14 23:52:21 +0000},
	Journal = {Physica D: Nonlinear Phenomena},
	Number = {1-3},
	Pages = {52-98},
	Rating = {0},
	Title = {State space reconstruction in the presence of noise},
	Volume = {51},
	Year = {1991},
	Bdsk-File-1 = {YnBsaXN0MDDSAQIDBFxyZWxhdGl2ZVBhdGhZYWxpYXNEYXRhXxAsLi4vRHJvcGJveC9QYXBlcnMvQ2FzZGFnbGkvQ2FzZGFnbGlfMTk5MS5wZGZPEQFkAAAAAAFkAAIAAAlTaGlyYXNhZ2kAAAAAAAAAAAAAAAAAAAAAAAAAAAAAQkQAAf////8RQ2FzZGFnbGlfMTk5MS5wZGYAAAAAAAAAAAAAAAAAAAAAAAAAAAAAAAAAAAAAAAAAAAAAAAAAAAAAAAAAAAAA/////wAAAAAAAAAAAAAAAAABAAQAAAogY3UAAAAAAAAAAAAAAAAACENhc2RhZ2xpAAIANS86VXNlcnM6aHllOkRyb3Bib3g6UGFwZXJzOkNhc2RhZ2xpOkNhc2RhZ2xpXzE5OTEucGRmAAAOACQAEQBDAGEAcwBkAGEAZwBsAGkAXwAxADkAOQAxAC4AcABkAGYADwAUAAkAUwBoAGkAcgBhAHMAYQBnAGkAEgAzVXNlcnMvaHllL0Ryb3Bib3gvUGFwZXJzL0Nhc2RhZ2xpL0Nhc2RhZ2xpXzE5OTEucGRmAAATAAEvAAAVAAIACv//AAAACAANABoAJABTAAAAAAAAAgEAAAAAAAAABQAAAAAAAAAAAAAAAAAAAbs=},
	Bdsk-Url-1 = {http://www.ncbi.nlm.nih.gov/entrez/query.fcgi?db=pubmed&cmd=Retrieve&dopt=AbstractPlus&list_uids=17529100714232235642related:esbb9zngQ_MJ}}

@article{Sauer_1991,
	Author = {Tim Sauer and James A. Yorke and Martin Casdagli},
	Date-Added = {2012-12-13 23:39:51 +0000},
	Date-Modified = {2015-02-19 22:11:10 +0000},
	Journal = {Journal of Statistical Physics},
	Number = {3-4},
	Pages = {579-616},
	Title = {Embedology},
	Volume = {65},
	Year = {1991},
	Bdsk-File-1 = {YnBsaXN0MDDSAQIDBFxyZWxhdGl2ZVBhdGhZYWxpYXNEYXRhXxAmLi4vRHJvcGJveC9QYXBlcnMvU2F1ZXIvU2F1ZXJfMTk5MS5wZGZPEQFQAAAAAAFQAAIAAAlTaGlyYXNhZ2kAAAAAAAAAAAAAAAAAAAAAAAAAAAAAQkQAAf////8OU2F1ZXJfMTk5MS5wZGYAAAAAAAAAAAAAAAAAAAAAAAAAAAAAAAAAAAAAAAAAAAAAAAAAAAAAAAAAAAAAAAAA/////wAAAAAAAAAAAAAAAAABAAQAAAogY3UAAAAAAAAAAAAAAAAABVNhdWVyAAACAC8vOlVzZXJzOmh5ZTpEcm9wYm94OlBhcGVyczpTYXVlcjpTYXVlcl8xOTkxLnBkZgAADgAeAA4AUwBhAHUAZQByAF8AMQA5ADkAMQAuAHAAZABmAA8AFAAJAFMAaABpAHIAYQBzAGEAZwBpABIALVVzZXJzL2h5ZS9Ecm9wYm94L1BhcGVycy9TYXVlci9TYXVlcl8xOTkxLnBkZgAAEwABLwAAFQACAAr//wAAAAgADQAaACQATQAAAAAAAAIBAAAAAAAAAAUAAAAAAAAAAAAAAAAAAAGh}}

@article{Sugihara_1990,
	Author = {George Sugihara and Robert M. May},
	Date-Added = {2011-03-02 14:32:01 -0800},
	Date-Modified = {2013-10-14 23:51:59 +0000},
	Journal = {Nature},
	Pages = {734-741},
	Rating = {0},
	Title = {Nonlinear forecasting as a way of distinguishing chaos from measurement error in time series},
	Volume = {344},
	Year = {1990},
	Bdsk-File-1 = {YnBsaXN0MDDSAQIDBFxyZWxhdGl2ZVBhdGhZYWxpYXNEYXRhXxAsLi4vRHJvcGJveC9QYXBlcnMvU3VnaWhhcmEvU3VnaWhhcmFfMTk5MC5wZGZPEQFkAAAAAAFkAAIAAAlTaGlyYXNhZ2kAAAAAAAAAAAAAAAAAAAAAAAAAAAAAQkQAAf////8RU3VnaWhhcmFfMTk5MC5wZGYAAAAAAAAAAAAAAAAAAAAAAAAAAAAAAAAAAAAAAAAAAAAAAAAAAAAAAAAAAAAA/////wAAAAAAAAAAAAAAAAABAAQAAAogY3UAAAAAAAAAAAAAAAAACFN1Z2loYXJhAAIANS86VXNlcnM6aHllOkRyb3Bib3g6UGFwZXJzOlN1Z2loYXJhOlN1Z2loYXJhXzE5OTAucGRmAAAOACQAEQBTAHUAZwBpAGgAYQByAGEAXwAxADkAOQAwAC4AcABkAGYADwAUAAkAUwBoAGkAcgBhAHMAYQBnAGkAEgAzVXNlcnMvaHllL0Ryb3Bib3gvUGFwZXJzL1N1Z2loYXJhL1N1Z2loYXJhXzE5OTAucGRmAAATAAEvAAAVAAIACv//AAAACAANABoAJABTAAAAAAAAAgEAAAAAAAAABQAAAAAAAAAAAAAAAAAAAbs=},
	Bdsk-Url-1 = {http://www.ncbi.nlm.nih.gov/entrez/query.fcgi?db=pubmed&cmd=Retrieve&dopt=AbstractPlus&list_uids=251840954927924269related:LcRfogO4fgMJ}}

@article{Takens_1981,
	Abstract = {1. Introduction. Since [19] was written, much more accurate experiments on the onset of turbulence have been made, especially by Fenstermacher, Swinney, Gollub and Benson [6,8,9,10]. These new experimental data should be interpreted },
	Author = {Floris Takens},
	Date-Added = {2011-03-02 14:32:01 -0800},
	Date-Modified = {2012-07-20 20:51:41 +0000},
	Journal = {Dynamical Systems and Turbulence, Lecture Notes in Mathematics},
	Local-Url = {file://localhost/Users/hye/Documents/Papers/Takens/Takens_1981_Dynamical%20Systems%20and%20Turbulence%20Lecture%20Notes%20in%20Mathematics.pdf},
	Pages = {366--381},
	Rating = {0},
	Read = {Yes},
	Title = {Detecting strange attractors in turbulence},
	Volume = {898},
	Year = {1981},
	Bdsk-File-1 = {YnBsaXN0MDDSAQIDBFxyZWxhdGl2ZVBhdGhZYWxpYXNEYXRhXxAoLi4vRHJvcGJveC9QYXBlcnMvVGFrZW5zL1Rha2Vuc18xOTgxLnBkZk8RAVYAAAAAAVYAAgAACVNoaXJhc2FnaQAAAAAAAAAAAAAAAAAAAAAAAAAAAABCRAAB/////w9UYWtlbnNfMTk4MS5wZGYAAAAAAAAAAAAAAAAAAAAAAAAAAAAAAAAAAAAAAAAAAAAAAAAAAAAAAAAAAAAAAAD/////AAAAAAAAAAAAAAAAAAEABAAACiBjdQAAAAAAAAAAAAAAAAAGVGFrZW5zAAIAMS86VXNlcnM6aHllOkRyb3Bib3g6UGFwZXJzOlRha2VuczpUYWtlbnNfMTk4MS5wZGYAAA4AIAAPAFQAYQBrAGUAbgBzAF8AMQA5ADgAMQAuAHAAZABmAA8AFAAJAFMAaABpAHIAYQBzAGEAZwBpABIAL1VzZXJzL2h5ZS9Ecm9wYm94L1BhcGVycy9UYWtlbnMvVGFrZW5zXzE5ODEucGRmAAATAAEvAAAVAAIACv//AAAACAANABoAJABPAAAAAAAAAgEAAAAAAAAABQAAAAAAAAAAAAAAAAAAAak=}}

@article{Cleveland_1979,
	Author = {William S. Cleveland},
	Date-Added = {2019-03-13 14:37:41 -0400},
	Date-Modified = {2019-03-13 14:38:11 -0400},
	Journal = {Journal of the American Statistical Association},
	Number = {368},
	Pages = {829-836},
	Title = {Locally weighted regression and smoothing scatterplots},
	Volume = {74},
	Year = {1979},
	Bdsk-File-1 = {YnBsaXN0MDDSAQIDBFxyZWxhdGl2ZVBhdGhZYWxpYXNEYXRhXxAuLi4vRHJvcGJveC9QYXBlcnMvQ2xldmVsYW5kL0NsZXZlbGFuZF8xOTc5LnBkZk8RAWwAAAAAAWwAAgAACVNoaXJhc2FnaQAAAAAAAAAAAAAAAAAAAAAAAAAAAABCRAAB/////xJDbGV2ZWxhbmRfMTk3OS5wZGYAAAAAAAAAAAAAAAAAAAAAAAAAAAAAAAAAAAAAAAAAAAAAAAAAAAAAAAAAAAD/////AAAAAAAAAAAAAAAAAAEABAAACiBjdQAAAAAAAAAAAAAAAAAJQ2xldmVsYW5kAAACADcvOlVzZXJzOmh5ZTpEcm9wYm94OlBhcGVyczpDbGV2ZWxhbmQ6Q2xldmVsYW5kXzE5NzkucGRmAAAOACYAEgBDAGwAZQB2AGUAbABhAG4AZABfADEAOQA3ADkALgBwAGQAZgAPABQACQBTAGgAaQByAGEAcwBhAGcAaQASADVVc2Vycy9oeWUvRHJvcGJveC9QYXBlcnMvQ2xldmVsYW5kL0NsZXZlbGFuZF8xOTc5LnBkZgAAEwABLwAAFQACAAr//wAAAAgADQAaACQAVQAAAAAAAAIBAAAAAAAAAAUAAAAAAAAAAAAAAAAAAAHF}}

@article{Lorenz_1963,
	Author = {Edward N Lorenz},
	Date-Added = {2011-03-03 15:17:24 -0800},
	Date-Modified = {2012-07-20 20:51:41 +0000},
	Journal = {Journal of the Atmospheric Sciences},
	Number = {2},
	Pages = {130-141},
	Title = {Deterministic nonperiodic flow},
	Volume = {20},
	Year = {1963},
	Bdsk-File-1 = {YnBsaXN0MDDSAQIDBFxyZWxhdGl2ZVBhdGhZYWxpYXNEYXRhXxAoLi4vRHJvcGJveC9QYXBlcnMvTG9yZW56L0xvcmVuel8xOTYzLnBkZk8RAVYAAAAAAVYAAgAACVNoaXJhc2FnaQAAAAAAAAAAAAAAAAAAAAAAAAAAAABCRAAB/////w9Mb3JlbnpfMTk2My5wZGYAAAAAAAAAAAAAAAAAAAAAAAAAAAAAAAAAAAAAAAAAAAAAAAAAAAAAAAAAAAAAAAD/////AAAAAAAAAAAAAAAAAAEABAAACiBjdQAAAAAAAAAAAAAAAAAGTG9yZW56AAIAMS86VXNlcnM6aHllOkRyb3Bib3g6UGFwZXJzOkxvcmVuejpMb3JlbnpfMTk2My5wZGYAAA4AIAAPAEwAbwByAGUAbgB6AF8AMQA5ADYAMwAuAHAAZABmAA8AFAAJAFMAaABpAHIAYQBzAGEAZwBpABIAL1VzZXJzL2h5ZS9Ecm9wYm94L1BhcGVycy9Mb3JlbnovTG9yZW56XzE5NjMucGRmAAATAAEvAAAVAAIACv//AAAACAANABoAJABPAAAAAAAAAgEAAAAAAAAABQAAAAAAAAAAAAAAAAAAAak=}}

@article{Whitney_1936,
	Author = {Hassler Whitney},
	Date-Added = {2012-07-24 23:35:00 +0000},
	Date-Modified = {2012-07-24 23:35:36 +0000},
	Journal = {The Annals of Mathematics, Second Series},
	Pages = {645-680},
	Title = {Differentiable Manifolds},
	Volume = {37},
	Year = {1936},
	Bdsk-File-1 = {YnBsaXN0MDDSAQIDBFxyZWxhdGl2ZVBhdGhZYWxpYXNEYXRhXxAqLi4vRHJvcGJveC9QYXBlcnMvV2hpdG5leS9XaGl0bmV5XzE5MzYucGRmTxEBXgAAAAABXgACAAAJU2hpcmFzYWdpAAAAAAAAAAAAAAAAAAAAAAAAAAAAAEJEAAH/////EFdoaXRuZXlfMTkzNi5wZGYAAAAAAAAAAAAAAAAAAAAAAAAAAAAAAAAAAAAAAAAAAAAAAAAAAAAAAAAAAAAAAP////8AAAAAAAAAAAAAAAAAAQAEAAAKIGN1AAAAAAAAAAAAAAAAAAdXaGl0bmV5AAACADMvOlVzZXJzOmh5ZTpEcm9wYm94OlBhcGVyczpXaGl0bmV5OldoaXRuZXlfMTkzNi5wZGYAAA4AIgAQAFcAaABpAHQAbgBlAHkAXwAxADkAMwA2AC4AcABkAGYADwAUAAkAUwBoAGkAcgBhAHMAYQBnAGkAEgAxVXNlcnMvaHllL0Ryb3Bib3gvUGFwZXJzL1doaXRuZXkvV2hpdG5leV8xOTM2LnBkZgAAEwABLwAAFQACAAr//wAAAAgADQAaACQAUQAAAAAAAAIBAAAAAAAAAAUAAAAAAAAAAAAAAAAAAAGz}}

@article{Fisher_1915,
	Author = {R. A. Fisher},
	Date-Added = {2016-03-20 07:45:23 +0000},
	Date-Modified = {2016-03-20 07:46:21 +0000},
	Journal = {Biometrika},
	Number = {4},
	Pages = {507-521},
	Title = {Frequency distribution of the values of the correlation coefficient in samples from an indefinitely large population},
	Volume = {10},
	Year = {1915}}

@comment{BibDesk Static Groups{
<?xml version="1.0" encoding="UTF-8"?>
<!DOCTYPE plist PUBLIC "-//Apple//DTD PLIST 1.0//EN" "http://www.apple.com/DTDs/PropertyList-1.0.dtd">
<plist version="1.0">
<array>
	<dict>
		<key>group name</key>
		<string>dynamic stability</string>
		<key>keys</key>
		<string>Ushio_2018</string>
	</dict>
	<dict>
		<key>group name</key>
		<string>Luo reply</string>
		<key>keys</key>
		<string>Luo_2015,Tsonis_2015,Nes_2015,Sugihara_1994,Hartmann_2013,Sugihara_2012,Clark_2015,Ebisuzaki_1997</string>
	</dict>
	<dict>
		<key>group name</key>
		<string>rEDM refs</string>
		<key>keys</key>
		<string>Lorenz_1963,Sugihara_1994,Sugihara_1990,Sugihara_2012,Deyle_2011,Takens_1981,Sauer_1991,Fisher_1915,Casdagli_1991,Ye_2015a,Deyle_2016,Ye_2018,Whitney_1936,Chang_2017,Rulkov_1995,Cheng_1994,Cleveland_1979,Deyle_2013,Deyle_2018,Dixon_1999,Ye_2015,McGowan_2017</string>
	</dict>
	<dict>
		<key>group name</key>
		<string>Regime Shifts</string>
		<key>keys</key>
		<string>Hare_2000,Butchart_2010,Hastings_2010,Rudnick_2003,Scheffer_2009,Guttal_2008a,Scheffer_2001,Guttal_2008,Biggs_2009,Carpenter_2011,Ratajczak_2018</string>
	</dict>
	<dict>
		<key>group name</key>
		<string>research statement</string>
		<key>keys</key>
		<string>Hastings_2018,Athey_2016,Thomas_2018,Giron-Nava_2017,Ye_2015a,Ye_2015,Sugihara_2012,Sugihara_1990,Ushio_2018,Ratajczak_2018,White_2019,Pennekamp_2019,Ernest_2018,Ye_2018,Christensen_2018,Petchey_2015,Dornelas_2018,Beaulieu-Jones_2017,Ye_2016,Nes_2015,Pimm_1984,Banerjee_2015,Benedetti-Cecchi_2018,Ernest_2018a,Pedersen_2018,McGowan_2017,Wilson_2017</string>
	</dict>
	<dict>
		<key>group name</key>
		<string>salmon</string>
		<key>keys</key>
		<string>Schnute_2007,Glaser_2014a,CBC-News_2009,Beamish_2005,McKinnell_2008,Grant_2010,Holt_2009,Kaeriyama_2004,Beamish_2012,Peterman_2012,Kell_2007,Mysak_1986,Peterman_2003,Grant_2011,Gilhousen_1992,Ricker_1947,Ricker_1997,Jacobson_1995,Peterson_2010,Beamish_1999,Schnute_2000,Theiler_1992,Ricker_1954,Northcote_1989,Sugihara_1990,Dennis_2001,Preikshot_2012,Sugihara_1992,Cox_1997,Sauer_1991,Mantua_1997,Sugihara_1994,Hutchinson_1957,DFO_2012,Sugihara_2012,Hsieh_2005,Deyle_2011,Levy_1992,Thompson_1945,Henderson_1998,Dorner_2008,DFO_2009,Ebisuzaki_1997,Rand_2006,Cass_2006,Burgner_1991,Glaser_2011,Deyle_2013,MacDonald_2012,Cass_1994,Dixon_2001,Burrow_2012,Hsieh_2008,McClatchie_2010,Beamish_1993,Marmorek_2011,Peterman_2011,Ricker_1950,Eliason_2011,Beamish_1997,Liu_2012,Beamish_2012a,Hodgson_2002,Beacham_2004,Hare_1994,Cazelles_1992,Sugihara_2011,Holt_2009a,Beamish_2004,Myers_1998,Ascioti_1993,Dixon_1999,Beamish_1994,Eggers_2005,Perretti_2013,Thomson_2012,Hodgson_2006,Takens_1981,CBC-News_2010,Packard_1980,Guill_2011,Nelson_1998,Foerster_1968,Withler_2000</string>
	</dict>
	<dict>
		<key>group name</key>
		<string>topic models</string>
		<key>keys</key>
		<string>Blei_2006</string>
	</dict>
</array>
</plist>
}}
